%YAML 1.1
%TAG !u! tag:unity3d.com,2011:
--- !u!1 &9205127150022070022
GameObject:
  m_ObjectHideFlags: 0
  m_CorrespondingSourceObject: {fileID: 0}
  m_PrefabInstance: {fileID: 0}
  m_PrefabAsset: {fileID: 0}
  serializedVersion: 6
  m_Component:
  - component: {fileID: 9205127150022070021}
  - component: {fileID: 9205127150022070019}
  - component: {fileID: 9205127150022070020}
  m_Layer: 0
  m_Name: TeamIndicator
  m_TagString: Untagged
  m_Icon: {fileID: 0}
  m_NavMeshLayer: 0
  m_StaticEditorFlags: 0
  m_IsActive: 1
--- !u!224 &9205127150022070021
RectTransform:
  m_ObjectHideFlags: 0
  m_CorrespondingSourceObject: {fileID: 0}
  m_PrefabInstance: {fileID: 0}
  m_PrefabAsset: {fileID: 0}
  m_GameObject: {fileID: 9205127150022070022}
  m_LocalRotation: {x: 0.7071068, y: -0, z: -0, w: 0.7071068}
  m_LocalPosition: {x: 0, y: 0, z: 0.5}
  m_LocalScale: {x: 1, y: 1, z: 1}
  m_Children: []
  m_Father: {fileID: 9205127150263363446}
  m_RootOrder: 1
  m_LocalEulerAnglesHint: {x: 90, y: 0, z: 0}
  m_AnchorMin: {x: 0.5, y: 0.5}
  m_AnchorMax: {x: 0.5, y: 0.5}
  m_AnchoredPosition: {x: 0.5, y: 0.001}
  m_SizeDelta: {x: 0.16, y: 0.16}
  m_Pivot: {x: 0.5, y: 0.5}
--- !u!212 &9205127150022070019
SpriteRenderer:
  m_ObjectHideFlags: 0
  m_CorrespondingSourceObject: {fileID: 0}
  m_PrefabInstance: {fileID: 0}
  m_PrefabAsset: {fileID: 0}
  m_GameObject: {fileID: 9205127150022070022}
  m_Enabled: 1
  m_CastShadows: 0
  m_ReceiveShadows: 0
  m_DynamicOccludee: 1
  m_MotionVectors: 1
  m_LightProbeUsage: 1
  m_ReflectionProbeUsage: 1
  m_RenderingLayerMask: 4294967295
  m_RendererPriority: 0
  m_Materials:
  - {fileID: 10754, guid: 0000000000000000f000000000000000, type: 0}
  m_StaticBatchInfo:
    firstSubMesh: 0
    subMeshCount: 0
  m_StaticBatchRoot: {fileID: 0}
  m_ProbeAnchor: {fileID: 0}
  m_LightProbeVolumeOverride: {fileID: 0}
  m_ScaleInLightmap: 1
  m_PreserveUVs: 0
  m_IgnoreNormalsForChartDetection: 0
  m_ImportantGI: 0
  m_StitchLightmapSeams: 0
  m_SelectedEditorRenderState: 0
  m_MinimumChartSize: 4
  m_AutoUVMaxDistance: 0.5
  m_AutoUVMaxAngle: 89
  m_LightmapParameters: {fileID: 0}
  m_SortingLayerID: 0
  m_SortingLayer: 0
  m_SortingOrder: -1
  m_Sprite: {fileID: 10911, guid: 0000000000000000f000000000000000, type: 0}
  m_Color: {r: 1, g: 0.69319046, b: 0, a: 1}
  m_FlipX: 0
  m_FlipY: 0
  m_DrawMode: 1
  m_Size: {x: 1, y: 1}
  m_AdaptiveModeThreshold: 0.5
  m_SpriteTileMode: 0
  m_WasSpriteAssigned: 1
  m_MaskInteraction: 0
  m_SpriteSortPoint: 0
--- !u!222 &9205127150022070020
CanvasRenderer:
  m_ObjectHideFlags: 0
  m_CorrespondingSourceObject: {fileID: 0}
  m_PrefabInstance: {fileID: 0}
  m_PrefabAsset: {fileID: 0}
  m_GameObject: {fileID: 9205127150022070022}
  m_CullTransparentMesh: 0
--- !u!1 &9205127150263363340
GameObject:
  m_ObjectHideFlags: 0
  m_CorrespondingSourceObject: {fileID: 0}
  m_PrefabInstance: {fileID: 0}
  m_PrefabAsset: {fileID: 0}
  serializedVersion: 6
  m_Component:
  - component: {fileID: 9205127150263363446}
  - component: {fileID: 9205127150263363447}
  - component: {fileID: 9205127150263363336}
  - component: {fileID: 9205127150263363337}
  - component: {fileID: 9205127150263363338}
  - component: {fileID: 9205127150263363339}
  m_Layer: 0
  m_Name: BasePiece
  m_TagString: BattlePiece
  m_Icon: {fileID: 0}
  m_NavMeshLayer: 0
  m_StaticEditorFlags: 0
  m_IsActive: 1
--- !u!4 &9205127150263363446
Transform:
  m_ObjectHideFlags: 0
  m_CorrespondingSourceObject: {fileID: 0}
  m_PrefabInstance: {fileID: 0}
  m_PrefabAsset: {fileID: 0}
  m_GameObject: {fileID: 9205127150263363340}
  m_LocalRotation: {x: 0, y: 0, z: 0, w: 1}
  m_LocalPosition: {x: 0, y: 0, z: 0}
  m_LocalScale: {x: 1, y: 1, z: 1}
  m_Children:
  - {fileID: 9205127150385222199}
  - {fileID: 9205127150022070021}
  m_Father: {fileID: 0}
  m_RootOrder: 0
  m_LocalEulerAnglesHint: {x: 0, y: 0, z: 0}
--- !u!114 &9205127150263363447
MonoBehaviour:
  m_ObjectHideFlags: 0
  m_CorrespondingSourceObject: {fileID: 0}
  m_PrefabInstance: {fileID: 0}
  m_PrefabAsset: {fileID: 0}
  m_GameObject: {fileID: 9205127150263363340}
  m_Enabled: 1
  m_EditorHideFlags: 0
  m_Script: {fileID: 11500000, guid: 85754401ba1bc4ed2b701505acac294b, type: 3}
  m_Name: 
  m_EditorClassIdentifier: 
  team: 1
  alliances: 01000000
  HP: 100
  hp: 100
  Atk: 100
  Def: 100
  Str: 100
  Agi: 100
  Dge: 100
  Hit: 100
  Crt: 100
  Lck: 100
  HpRec: 100
  EngRec: 100
  Bwt: 100
  BaseExp: 100
  Lv: 100
  memory: 0
--- !u!114 &9205127150263363336
MonoBehaviour:
  m_ObjectHideFlags: 0
  m_CorrespondingSourceObject: {fileID: 0}
  m_PrefabInstance: {fileID: 0}
  m_PrefabAsset: {fileID: 0}
  m_GameObject: {fileID: 9205127150263363340}
  m_Enabled: 1
  m_EditorHideFlags: 0
  m_Script: {fileID: 11500000, guid: 117577b8867194ca685e8173840774e0, type: 3}
  m_Name: 
  m_EditorClassIdentifier: 
  Name: ???
  Decision: 0
  DDir: 0
  Direction: 0
  OldDecision: 0
  Swap: {fileID: 0}
  Swapper: {fileID: 0}
  Remote: 0
  SelfAnim: 0
  SelfDir: 0
  curSpd: 0
  bSpd: 0
  X: 0
  Y: 0
  x: 0
  y: 0
  CurAction: 0
  Walk: 0
  PrintCurSpd: 0
  MovePool: 01000000
  XSize: 0
  animFrame: 0
  Radius: 8
  memory: 0
  Target: {fileID: 0}
  Following: {fileID: 0}
  Invincible: 0
  agro: {fileID: 0}
  HP: 0
  Atk: 0
  Def: 0
  HpRec: 0
  EngRec: 0
  Str: 0
  Agi: 0
  Dge: 0
  Hit: 0
  Crt: 0
  Lck: 0
  Bwt: 0
  hp: 0
  Lv: 0
  curXp: 0
  NextXp: 0
  cStr: 0
  Aggressive: 1
  isWanderer: 1
--- !u!136 &9205127150263363337
CapsuleCollider:
  m_ObjectHideFlags: 0
  m_CorrespondingSourceObject: {fileID: 0}
  m_PrefabInstance: {fileID: 0}
  m_PrefabAsset: {fileID: 0}
  m_GameObject: {fileID: 9205127150263363340}
  m_Material: {fileID: 0}
  m_IsTrigger: 0
  m_Enabled: 1
  m_Radius: 0.25
  m_Height: 1
  m_Direction: 1
  m_Center: {x: 0.5, y: 0.5, z: 0.5}
--- !u!114 &9205127150263363338
MonoBehaviour:
  m_ObjectHideFlags: 0
  m_CorrespondingSourceObject: {fileID: 0}
  m_PrefabInstance: {fileID: 0}
  m_PrefabAsset: {fileID: 0}
  m_GameObject: {fileID: 9205127150263363340}
  m_Enabled: 1
  m_EditorHideFlags: 0
  m_Script: {fileID: 11500000, guid: 0d4ff58c514ca402ca356f934934e1c0, type: 3}
  m_Name: 
  m_EditorClassIdentifier: 
  HP: 0
  Atk: 0
  Def: 0
  HpRec: 0
  EngRec: 0
  Str: 0
  Agi: 0
  Dge: 0
  Hit: 0
  Crt: 0
  Lck: 0
  Bwt: 0
  memory: 0
--- !u!114 &9205127150263363339
MonoBehaviour:
  m_ObjectHideFlags: 0
  m_CorrespondingSourceObject: {fileID: 0}
  m_PrefabInstance: {fileID: 0}
  m_PrefabAsset: {fileID: 0}
  m_GameObject: {fileID: 9205127150263363340}
  m_Enabled: 1
  m_EditorHideFlags: 0
  m_Script: {fileID: 11500000, guid: 40f28ec4596b04f5cb47edd7f0f40689, type: 3}
  m_Name: 
  m_EditorClassIdentifier: 
  AgroObjects: []
  AgroPoints: []
--- !u!1 &9205127150385223112
GameObject:
  m_ObjectHideFlags: 0
  m_CorrespondingSourceObject: {fileID: 0}
  m_PrefabInstance: {fileID: 0}
  m_PrefabAsset: {fileID: 0}
  serializedVersion: 6
  m_Component:
  - component: {fileID: 9205127150385222199}
  m_Layer: 0
  m_Name: gfx
  m_TagString: Untagged
  m_Icon: {fileID: 0}
  m_NavMeshLayer: 0
  m_StaticEditorFlags: 0
  m_IsActive: 1
--- !u!4 &9205127150385222199
Transform:
  m_ObjectHideFlags: 0
  m_CorrespondingSourceObject: {fileID: 0}
  m_PrefabInstance: {fileID: 0}
  m_PrefabAsset: {fileID: 0}
  m_GameObject: {fileID: 9205127150385223112}
  m_LocalRotation: {x: 0, y: 0, z: 0, w: 1}
  m_LocalPosition: {x: 0.5, y: 0, z: 0.5}
  m_LocalScale: {x: 2, y: 2, z: 2}
  m_Children: []
  m_Father: {fileID: 9205127150263363446}
  m_RootOrder: 0
  m_LocalEulerAnglesHint: {x: 0, y: 0, z: 0}
